@article{silva2015,
    author = {{Nicollas Silva} and {Alan Neves} and {Leonardo Rocha} and {Fernando Mourão}},
    title = {Sobre as diferenças de aplicação entre {SVD} e {PCA}: Um estudo pragmático},
    journal = {DCOMP/UFSJ - São João del-Rei, MG, Brasil},
    year = {2015},
    note = {Disponível em: \url{https://sol.sbc.org.br/index.php/ctic/article/view/10013/9897}},
    email = {nicollasilva, aneves, lcrocha, fhmourao@ufsj.edu.br},
}

@inproceedings{turk&pentland1991,
  author = {M. A. Turk and A. P. Pentland},
  title  = {Face Recognition Using Eigenfaces},
  booktitle = {Proceedings. 1991 IEEE Computer Society Conference on Computer Vision and Pattern Recognition},
  pages = {586--591},
  year = {1991},
  organization = {IEEE}, 
  note = {Disponível em: \url{https://sites.cs.ucsb.edu/~mturk/Papers/mturk-CVPR91.pdf}},
}

@article{muge&figen2012,
  title = {A Face Recognition System Based on Eigenfaces Method},
  author = {Müge Çarıkçı and Figen Özen},
  journal = {Procedia Technology},
  volume = {1},
  year = {2012},
  pages = {118--123},
  issn = {2212-0173},
  doi = {10.1016/j.protcy.2012.02.023},
  publisher = {Elsevier Ltd.},
  affiliation = {Haliç University, Electrical and Electronics Engineering Department, Şişli, Istanbul, Turkey},
  note = {INSODE 2011. Disponível em: \url{https://www.sciencedirect.com/science/article/pii/S2212017312000242?ref=pdf_download&fr=RR-2&rr=8293c85d4fdd6d64}},  
}

@misc{fei_database,
  title = {{FEI} {F}ace {D}atabase},
  author = {Dr. Carlos Eduardo Thomaz},
  note ={Image Processing Laboratory, FEI. Disponível em: \url{https://fei.edu.br/~cet/facedatabase.html}},
}